<record><leader>00000cas a22000007a 4500</leader><controlfield tag="001">10007149</controlfield><controlfield tag="008">831012d18781882pauwr ne      0   a0eng d</controlfield><datafield ind1=" " ind2=" " tag="010"><subfield code="a">sn 83025912 </subfield></datafield><datafield ind1=" " ind2=" " tag="040"><subfield code="a">NPV</subfield><subfield code="b">eng</subfield><subfield code="c">NPV</subfield><subfield code="d">DLC</subfield><subfield code="d">OCLCQ</subfield><subfield code="d">OCLCF</subfield><subfield code="d">OCLCO</subfield></datafield><datafield ind1=" " ind2=" " tag="042"><subfield code="a">msc</subfield></datafield><datafield ind1=" " ind2=" " tag="043"><subfield code="a">n-us-pa</subfield></datafield><datafield ind1=" " ind2=" " tag="045"><subfield code="a">w7w8</subfield></datafield><datafield ind1=" " ind2=" " tag="052"><subfield code="a">3823</subfield><subfield code="b">L9</subfield></datafield><datafield ind1="0" ind2=" " tag="130"><subfield code="a">National standard (Williamsport, Pa.)</subfield></datafield><datafield ind1="1" ind2="4" tag="245"><subfield code="a">The National standard.</subfield></datafield><datafield ind1=" " ind2=" " tag="260"><subfield code="a">Williamsport, Pa. :</subfield><subfield code="b">[s.n.]</subfield></datafield><datafield ind1=" " ind2=" " tag="300"><subfield code="a">v. ;</subfield><subfield code="c">64 cm.</subfield></datafield><datafield ind1=" " ind2=" " tag="310"><subfield code="a">Weekly</subfield></datafield><datafield ind1="1" ind2=" " tag="362"><subfield code="a">Began in 1878; ceased in 1882?</subfield><subfield code="z">Cf. R. Salisbury. Pennsylvania newspapers.</subfield></datafield><datafield ind1=" " ind2=" " tag="521"><subfield code="a">"A political journal devoted to the interests of the National Greenback-Labour Party."</subfield></datafield><datafield ind1=" " ind2=" " tag="588"><subfield code="a">Description based on: Vol. 2, no. 5 (Oct. 4, 1879).</subfield></datafield><datafield ind1="2" ind2="0" tag="610"><subfield code="a">Greenback Labor Party (U.S.)</subfield></datafield><datafield ind1="2" ind2="7" tag="610"><subfield code="a">Greenback Labor Party (U.S.)</subfield><subfield code="2">fast</subfield><subfield code="0">(OCoLC)fst00690833</subfield></datafield><datafield ind1=" " ind2=" " tag="752"><subfield code="a">United States</subfield><subfield code="b">Pennsylvania</subfield><subfield code="c">Lycoming</subfield><subfield code="d">Williamsport.</subfield></datafield></record>